<?xml version="1.0" encoding="UTF-8"?><collection><record><leader>04627ntm a2200481 a 4500</leader><controlfield tag="001">002557935</controlfield><controlfield tag="003">MiAaHDL</controlfield><controlfield tag="005">20190719000000.0</controlfield><controlfield tag="006">m        d        </controlfield><controlfield tag="007">cr bn ---auaua</controlfield><controlfield tag="008">920825s1495    xx            00||  ara d</controlfield><datafield tag="035" ind1=" " ind2=" "><subfield code="a">(MiU)002557935</subfield></datafield><datafield tag="035" ind1=" " ind2=" "><subfield code="a">sdr-miu002557935</subfield></datafield><datafield tag="035" ind1=" " ind2=" "><subfield code="a">(OCoLC)34365133</subfield></datafield><datafield tag="035" ind1=" " ind2=" "><subfield code="a">(RLIN)MIUH92-A1</subfield></datafield><datafield tag="040" ind1=" " ind2=" "><subfield code="a">MiU</subfield><subfield code="c">MiU</subfield><subfield code="e">appm</subfield><subfield code="d">MiU</subfield></datafield><datafield tag="100" ind1="1" ind2=" "><subfield code="6">880-01</subfield><subfield code="a">Māridīnī, Jamāl al-Dīn ʻAbd Allāh ibn Khalīl al-Qāhirī,</subfield><subfield code="d">d. 1406.</subfield></datafield><datafield tag="240" ind1="1" ind2="3"><subfield code="6">880-02</subfield><subfield code="a">al-Durr al-manthūr fī al-ʻamal bi-rubʻ al-dastūr</subfield></datafield><datafield tag="245" ind1="1" ind2="0"><subfield code="6">880-03</subfield><subfield code="a">Kitāb risālat al-durr al-manthūr fī al-ʻamal bi-rubʻ al-dastūr :</subfield><subfield code="b">murattabah ʻalá muqaddimah wa-sittīn bāban :</subfield><subfield code="k">manuscript,</subfield><subfield code="f">[1495] /</subfield><subfield code="c">taʾlīf al-shaykh Jamāl al-Dīn al-Māridīnī.</subfield></datafield><datafield tag="300" ind1=" " ind2=" "><subfield code="a">1</subfield><subfield code="f">v. ([90] p.) ;</subfield><subfield code="c">19 cm.</subfield></datafield><datafield tag="500" ind1=" " ind2=" "><subfield code="a">al-Ḥalajīj[?] ḥafaẓahu Allāh wa-katabahu al-faqīr Muḥammad ...[?]; on cover, manuscript notes in handwriting of Max Meyerhof.</subfield></datafield><datafield tag="500" ind1=" " ind2=" "><subfield code="a">corner of p. [90], ...[?]... nabawīyah ʻala ṣāḥibihā ...[?]... aḥad wa-sittīn wa-tisʻumiyah kāna awwal ...[?]... al-arbuʻāʾ wa-kāna fī Ramaḍān yawmayn wa-kāna awwal ...[?]... nawbat al-shaykh ʻAbd al-Bāsiṭ ḥafaẓahu Allāh wa-kāna fī nawbat al-shaykh ʻAbd al-Bāsiṭ tawqīt sayyidī Yūnus ḥāfaẓahu Allāh wa-fī nawbat al-shaykh Barakāt tawqīt sayyidī Jalāl al-Dīn al-Ramlī ḥafaẓahu Allāh wa-fī nawbat al-shaykh Abū al-Fatḥ ḥafaẓahu Allāh tawqīt Muḥammad ibn</subfield></datafield><datafield tag="500" ind1=" " ind2=" "><subfield code="a">Purchased in Cairo, 1933/34. Owners' marks: on p. [1], fī nawbat al-faqīr ilá Allāh taʻālá Jalāl al-Dīn Muḥammad Muḥammad al-Ramlī; on p. [1], malakahu min faḍl rabbihi jalla wa-ʻala al-faqīr Muḥammad ibn Sakīkar[?] ibn ...[?]; on p. [90], bi-mā kāna tārīkh al-hijrah al-nabawīyah ... fī sanat aḥad wa-sittīn wa-tisʻumiyah kāna awwal Ramaḍān al-mubajjal al-muʻaẓẓam qadarahu yawm al-ithnayn [1554] wa-kāna fī al-jāmiʻ al-Umawī nawbat al-shaykh Barakāt ...; on lower right</subfield></datafield><datafield tag="500" ind1=" " ind2=" "><subfield code="a">Couplet on p. [1] addressed to potential borrowers: A-yā mustaʻīr al-kutub daʻnī/fa-inna iʻāratī lil-kutub ʻār/fa-maʻshūqī min al-dunyā kitābī/fa-hal samiʻtum bi-maʻshūqin yuʻār.</subfield></datafield><datafield tag="500" ind1=" " ind2=" "><subfield code="a">Title and text rubricated; corrections and extensive marginal notes in hand of copyist and others.</subfield></datafield><datafield tag="500" ind1=" " ind2=" "><subfield code="a">Date in colophon: wāfaqa al-farāgh min nuskhatihā ...[?]... li-Rajab[?] min shuhūr sanat 900 [March-April 1495].</subfield></datafield><datafield tag="510" ind1="4" ind2=" "><subfield code="a">GAL,</subfield><subfield code="c">Suppl. II, p. 218; H. Kh., v. III, p. 192; King, Survey, p. 66; EI2, v. vi, p. 543a</subfield></datafield><datafield tag="520" ind1="8" ind2=" "><subfield code="a">"An extensive treatise on the sine quadrant also dealing with sundials, arranged in 60 bābs." David A. King, A Survey of the Scientific Manuscripts in the Egyptian National Library (Winona Lake, 1986), p. 66.</subfield></datafield><datafield tag="520" ind1=" " ind2=" "><subfield code="a">The introduction of this work is a "brief, independent treatise in which the author sets forth the basic ideas (mainly definitions) of geometry and spherical astronomy. The rest of the work (60 chapters) is mostly concerned with problems regarding the transformation of coordinates with the dastūr quadrant." M. Plessner, "al-Māridīnī," in Encyclopedia of Islam (Leiden, 1989), v. vi, pp. 542b-543a.</subfield></datafield><datafield tag="530" ind1=" " ind2=" "><subfield code="a">Microfilm available in repository.</subfield></datafield><datafield tag="538" ind1=" " ind2=" "><subfield code="a">Mode of access: Internet.</subfield></datafield><datafield tag="541" ind1=" " ind2=" "><subfield code="d">07/--/36</subfield><subfield code="3">Manuscript</subfield><subfield code="a">McGregor Fund</subfield><subfield code="c">Purchase, 1933/34</subfield></datafield><datafield tag="545" ind1=" " ind2=" "><subfield code="a">Disciple of Ibn al-Shāṭir (1304-1375), perhaps at Damascus; later became a muwaqqit (timekeeper) at Cairo.</subfield></datafield><datafield tag="581" ind1=" " ind2=" "><subfield code="a">W. H. Worrell and W. Carl Rufus, "Maridini's Introduction to the Use of the Quadrant," in Scripta Mathematica 10 (1944): 170-180.</subfield></datafield><datafield tag="650" ind1=" " ind2="0"><subfield code="a">Astronomical instruments</subfield><subfield code="y">Early works to 1800.</subfield></datafield><datafield tag="650" ind1=" " ind2="0"><subfield code="a">Quadrants (Astronomical instruments)</subfield><subfield code="v">Early works to 1800.</subfield></datafield><datafield tag="650" ind1=" " ind2="0"><subfield code="a">Sundials</subfield><subfield code="y">Early works to 1800.</subfield></datafield><datafield tag="650" ind1=" " ind2="0"><subfield code="a">Astronomy, Arab</subfield><subfield code="y">Early works to 1800.</subfield></datafield><datafield tag="650" ind1=" " ind2="0"><subfield code="a">Manuscripts, Arabic</subfield><subfield code="z">Michigan</subfield><subfield code="z">Ann Arbor.</subfield></datafield><datafield tag="700" ind1="1" ind2=" "><subfield code="a">Meyerhof, Max,</subfield><subfield code="d">1874-1945,</subfield><subfield code="e">former owner.</subfield></datafield><datafield tag="773" ind1="0" ind2=" "><subfield code="7">unbc</subfield><subfield code="a">Tracy W. McGregor Collection of Arabic, Persian, and Turkish Mathematical and Astronomical Manuscripts.</subfield><subfield code="w">(CStRLIN)MIUH92-A20.</subfield></datafield><datafield tag="880" ind1="1" ind2="0"><subfield code="6">245-03/</subfield><subfield code="a">كتاب رسالة الدر المنثور في العمل بربع الدستور :</subfield><subfield code="b">مرتبة على مقدمة وستين بابا :</subfield><subfield code="k">manuscript،</subfield><subfield code="f">[1495] /</subfield><subfield code="c">تاليف الشيخ جمال الدين المارديني.</subfield></datafield><datafield tag="880" ind1="1" ind2="2"><subfield code="6">240-02/</subfield><subfield code="a">الدر المنثور في العمل بربع الدستور</subfield></datafield><datafield tag="880" ind1="0" ind2=" "><subfield code="6">100-01/</subfield><subfield code="a">جمال الدين عبد الله بن خليل القاهري المارديني.</subfield></datafield><datafield tag="CID" ind1=" " ind2=" "><subfield code="a">002557935</subfield></datafield><datafield tag="DAT" ind1="0" ind2=" "><subfield code="a">20190719102632.0</subfield><subfield code="b">20190719000000.0</subfield></datafield><datafield tag="DAT" ind1="1" ind2=" "><subfield code="a">20190719090653.0</subfield><subfield code="b">2019-07-19T16:10:30Z</subfield></datafield><datafield tag="DAT" ind1="2" ind2=" "><subfield code="a">2015-10-02T18:00:03Z</subfield></datafield><datafield tag="CAT" ind1=" " ind2=" "><subfield code="a">SDR-MIU</subfield><subfield code="d">EX LIBRIS - ALEPH</subfield><subfield code="l">prepare.pl-004-008</subfield></datafield><datafield tag="FMT" ind1=" " ind2=" "><subfield code="a">BK</subfield></datafield><datafield tag="HOL" ind1=" " ind2=" "><subfield code="0">sdr-miu002557935</subfield><subfield code="a">MiU</subfield><subfield code="b">SDR</subfield><subfield code="c">MIU</subfield><subfield code="p">mdp.39015081446653</subfield><subfield code="s">MIU</subfield><subfield code="1">002557935</subfield></datafield><datafield tag="974" ind1=" " ind2=" "><subfield code="b">MIU</subfield><subfield code="c">MIU</subfield><subfield code="d">20190719</subfield><subfield code="s">lit-dlps-dc</subfield><subfield code="u">mdp.39015081446653</subfield><subfield code="y">1495</subfield><subfield code="r">pd</subfield><subfield code="q">bib</subfield><subfield code="t">non-US bib date1 &lt; 1896</subfield></datafield></record></collection>